@misc{It_network, 
    title={Lekce 10 - hashovací tabulka}, 
    url={https://www.itnetwork.cz/algoritmy/vyhledavani/algoritmus-vyhledavani-hashovaci-tabulka}, 
    journal={Učíme národ IT}, 
    author={David HARTINGER}, 
    year={rev. 17. květen 2013}, 
    howpublished = {[online]},
    note = {[cit. 2024-05-07]},
}

@misc{wikipedia, 
    title={Hash table}, 
    url={https://en.wikipedia.org/wiki/Hash_table}, 
    journal={Wikipedia}, 
    author={},
    publisher={Wikimedia Foundation},
    year={rev. 17. duben 2024}, 
    howpublished = {[online]},
    note = {[cit. 2024-05-07]},
}

