//citace

//latex - podrobný průvodce

//1. monografie - Cizojazičná MONOGRAFIE
@inbook{Kopka2004,
    series = {Addison-Wesley series on tools and techniques for computer typesetting},
    publisher = {Addison-Wesley},
    isbn = {0-321-17385-6},
    year = {2004},
    title = {Guide to LaTeX},
    edition = {4},
    address = {Boston},
    author = {Helmut KOPKA and Patrick W. DALY},
    chapter = {Introduction}
}

//2. monografie - cizojazičná
@inbook{Gratzer2007,
    publisher = {Springer},
    isbn = {978-0-387-32289-6},
    year = {2007},
    title = {More math into LaTeX},
    edition = {4th ed.},
    address = {New York},
    author = {George A. GRÄTZER and Rainer SCHÖPF},
    chapter = {Bibtex}
}

//1. online zdroj
@misc{Latexove_speciality, 
    title={Latexové speciality}, 
    url={https://www.fit.vutbr.cz/~martinek/latex/index.html}, 
    journal={LaTeXové speciality}, 
    author={David MARTINEK}, 
    year={rev. 25. únor 2010}, 
    howpublished = {[online]},
    note = {[cit. 2024-04-15]},
}

//2. online zdroj
@misc{It_network, 
    title={Lekce 1 - úvod do Latexu}, 
    url={https://www.itnetwork.cz/programovani/latex/latex-tutorial-uvod}, 
    journal={Učíme národ IT}, 
    author={David HARTINGER}, 
    year={rev. 18. leden 2015}, 
    howpublished = {[online]},
    note = {[cit. 2024-04-15]},
}

//3. online zdroj
@misc{top_editors, 
    title={12 best latex editors you should use}, 
    url={https://beebom.com/best-latex-editors/}, 
    journal={Beebom}, 
    author={Srikanth AN}, 
    year={rev. 27. prosinec 2021}, 
    howpublished = {[online]},
    note = {[cit. 2024-04-15]},
}

//záznam z konference

@proceedings{CSTUG,
    editor = {Vít STARÝ NOVOTNÝ},
    year = {2023},
    title = {CSTUG na konferenci TUG 2023},
    adress = {Bonn},
    publisher = {Zpravodaj Československého sdružení uživatelů TeXu},
    month = {červenec},
}


//1. článek v seriálové publikaci
@Article{AMS1995,
	author = {Andrew D. HWANG},
	title = {Writing in the Age of LATEX},
	journal = {Notices of the AMS},
	volume = {48},
	number = {8},
	pages = {878\,--\,882},
	year = {1995},
	ISSN = {0002-9920},
}


//2. článek v seriálové publikaci
@Article{IJITS2023,
	author = {Halyna M. HUBAL},
	title = {Improvement of references and footnotes in mathematical and other texts by creating macros in the LaTeX programming language},
	journal = {International Journal on Information Technologies and Security},
	volume = {15},
	number = {3},
	pages = {15\,--\,22},
	year = {2023},
	ISSN = {1313-8251},
}

//1. Kvalifikační práce
@MastersThesis{Sokol2012,
	author = {Miroslav SOKOL},
	title = {Online LaTeX editor},
	school = {Vysoké učení technické v Brně. Fakulta informačních technologií. Ústav počítačové
		grafiky a multimédií},
	year = {2012},
	type = {Diplomová práce},
}

//2. Kvalifikační práce
@MastersThesis{Bojko2011,
	author = {Pavel BOJKO},
	title = {Problematika sazby odborného textu v prostředí LATEX},
	school = {Jihočeská univerzita v Českých Budějovicích. Přírodovědecká fakulta.},
	year = {2011},
	type = {Bakalářská práce},
}